<?xml version="1.0" encoding="UTF-8"?><record xmlns="http://www.loc.gov/MARC21/slim" xmlns:cinclude="http://apache.org/cocoon/include/1.0" xmlns:zs="http://www.loc.gov/zing/srw/">
  <leader>01059cz  a2200229n  4500</leader>
  <controlfield tag="001">nr 98007750 </controlfield>
  <controlfield tag="003">DLC</controlfield>
  <controlfield tag="005">20121231140758.0</controlfield>
  <controlfield tag="008">980303n| acannaabn          |b aaa     c</controlfield>
  <datafield tag="010" ind1=" " ind2=" ">
    <subfield code="a">nr 98007750 </subfield>
  </datafield>
  <datafield tag="035" ind1=" " ind2=" ">
    <subfield code="a">(OCoLC)oca04675861</subfield>
  </datafield>
  <datafield tag="040" ind1=" " ind2=" ">
    <subfield code="a">NjP</subfield>
    <subfield code="b">eng</subfield>
    <subfield code="c">NjP</subfield>
    <subfield code="d">OCoLC</subfield>
    <subfield code="d">InU</subfield>
  </datafield>
  <datafield tag="046" ind1=" " ind2=" ">
    <subfield code="f">1943</subfield>
  </datafield>
  <datafield tag="100" ind1="1" ind2=" ">
    <subfield code="a">Shalabī, Zuhayr</subfield>
  </datafield>
  <datafield tag="400" ind1="1" ind2=" ">
    <subfield code="a">Shalabi, Zouheir</subfield>
  </datafield>
  <datafield tag="400" ind1="1" ind2=" ">
    <subfield code="a">شلبي، زهير</subfield>
  </datafield>
  <datafield tag="667" ind1=" " ind2=" ">
    <subfield code="a">Machine-derived non-Latin script reference project.</subfield>
  </datafield>
  <datafield tag="667" ind1=" " ind2=" ">
    <subfield code="a">Non-Latin script reference not evaluated.</subfield>
  </datafield>
  <datafield tag="670" ind1=" " ind2=" ">
    <subfield code="a">عصفورة النار، 1997:</subfield>
    <subfield code="b">.t.p (زهير الشلبي)</subfield>
  </datafield>
  <datafield tag="670" ind1=" " ind2=" ">
    <subfield code="a">ʻUṣfūrat al-nār, 1997:</subfield>
    <subfield code="b">t.p. (Zuhayr al-Shalabī)</subfield>
  </datafield>
  <datafield tag="670" ind1=" " ind2=" ">
    <subfield code="a">لماذا ارتدى الناس ثيابهم؟!، 2012:</subfield>
    <subfield code="b">.t.p (زهير الشلبي، زهر شلب) الصفحة 278 (زهير الشلبي، من مواليد التل، ريف دمشق، 1943)</subfield>
  </datafield>
  <datafield tag="670" ind1=" " ind2=" ">
    <subfield code="a">Li-mādhā irtadá al-nās thiyābihim?!, 2012:</subfield>
    <subfield code="b">t.p. (Zuhayr al-Shalabī, Zouheir Shalabi) p. 278 (Zuhayr al-Shalabī, min mawālīd al-Tal, rīf Dimashq, 1943)</subfield>
  </datafield>
</record>